<?xml version="1.0" encoding="UTF-8"?><collection xmlns="http://www.loc.gov/MARC21/slim"><record><leader>00497nam--2200181-i-4500</leader><controlfield tag="001">000030766</controlfield><controlfield tag="002">20161230</controlfield><controlfield tag="005">20161230201038</controlfield><controlfield tag="008">060222s1000------------r-----000-0-eng-d</controlfield><datafield ind1=" " ind2=" " tag="040"><subfield code="a">IFIN-HH</subfield></datafield><datafield ind1=" " ind2=" " tag="080"><subfield code="a">533.73</subfield></datafield><datafield ind1="1" ind2=" " tag="100"><subfield code="a">Mcdaniel, Earl W</subfield></datafield><datafield ind1="1" ind2="0" tag="245"><subfield code="a">Collision phenomena in ionized gases</subfield><subfield code="c">Earl w. mcdaniel</subfield></datafield><datafield ind1=" " ind2=" " tag="260"><subfield code="a">New York, John Wiley &amp; Sons, Inc. 1964</subfield></datafield><datafield ind1=" " ind2=" " tag="300"><subfield code="a">XXII + 775P</subfield></datafield><datafield ind1=" " ind2=" " tag="490"><subfield code="a">Wiley Series In Plasma Physics</subfield></datafield><datafield ind1=" " ind2=" " tag="852"><subfield code="a">22069</subfield><subfield code="c">533.7</subfield></datafield><datafield ind1=" " ind2=" " tag="CAT"><subfield code="a">Sys</subfield><subfield code="c">20100915</subfield><subfield code="h">115943</subfield></datafield></record></collection>